@book{artin,
	title = "Algebra",
	author = "Michael Artin",
	isbn = "9780130047632",
	year = "1991",
	publisher = "Birkhäuser"
}

@book{CAGD,
	title="Curves and Surfaces for CAGD: A Practical Guide",
	author="Farin, G.E.",
	isbn="9781558607378",
	series="Computer graphics and geometric modeling",
	year="2002",
	publisher="Elsevier Science"
}

@article{einstein,
	author = "Albert Einstein 3",
	title = "{Zur Elektrodynamik bewegter K{\"o}rper}. ({German})
	[{On} the electrodynamics of moving bodies]",
	journal = "Annalen der Physik",
	volume = "322",
	number = "10",
	pages = "891--921",
	year = "1905",
	DOI = "http://dx.doi.org/10.1002/andp.19053221004",
	keywords = "physics"
}

@conference{pointnormal,
	author = "Alex Vlachos and J¨org Peters and Chas Boyd and Jason L. Mitchell",
	title = "Curved PN Triangles",
	booktitle = "2001 ACM Symposium on Interactive 3D Graphics",
	year = "2001",
	url = "http://alex.vlachos.com/graphics/CurvedPNTriangles.pdf"
}

@online{khronostessellation,
	author = "OpenGL Wiki",
	title = "Tessellation --- OpenGL Wiki{,} ",
	year = "2020",
	url = "http://www.khronos.org/opengl/wiki_opengl/index.php?title=Tessellation&oldid=14698",
	note = "[Online; accessed 1-June-2024]"
}

@online{knuthwebsite,
	author = "Donald Knuth",
	title = "Knuth: Computers and Typesetting",
	url  = "http://www-cs-faculty.stanford.edu/~uno/abcde.html",
	addendum = "(accessed: 01.09.2016)",
	keywords = "latex,knuth"
}

@inbook{knuth-fa,
	author = "Donald E. Knuth",
	title = "Fundamental Algorithms",
	publisher = "Addison-Wesley",
	year = "1973",
	chapter = "1.2",
	keywords  = "knuth,programming"
}
